@MISC{paper:eliza,
	AUTHOR = "Joseph Weizenbaum",
	TITLE = "ELIZA â€” a computer program for the study of natural language communication between man and machine",
	MONTH = "01",
	YEAR = "1966",
	DOI = {10.1145/365153.365168}
}

@MISC{article:voice-assistants,
	AUTHOR = "Matthew B. Hoy",
	TITLE = "Alexa, Siri, Cortana, and More: An Introduction to Voice Assistants",
	MONTH = "01",
	YEAR = "2018",
	DOI = {10.1080/02763869.2018.1404391}
}

@MISC{paper:gpt,
	AUTHOR = "Alec Radford y col.",
	TITLE = "Improving Language Understanding by Generative Pre-Training",
	MONTH = "06",
	YEAR = "2018",
	URL = {https://cdn.openai.com/research-covers/language-unsupervised/language_understanding_paper.pdf}
}

@MISC{paper:bert,
	AUTHOR = "Jacob Devlin y col.",
	TITLE = "BERT: Pre-training of Deep Bidirectional Transformers for Language Understanding",
	MONTH = "10",
	YEAR = "2018",
	DOI = {10.48550/arXiv.1810.04805}
}

@MISC{paper:llama,
	AUTHOR = "Hugo Touvron y col.",
	TITLE = "LLaMA: Open and Efficient Foundation Language Models",
	MONTH = "02",
	YEAR = "2023",
	DOI = {10.48550/arXiv.2302.13971}
}

@MISC{paper:embeddings,
	AUTHOR = "Tomas Mikolov y col.",
	TITLE = "Efficient Estimation of Word Representations in Vector Space",
	MONTH = "01",
	YEAR = "2013",
	DOI = {10.48550/arXiv.1301.3781}
}

@MISC{paper:transformers,
	AUTHOR = "Ashish Vaswani y col.",
	TITLE = "Attention Is All You Need",
	MONTH = "06",
	YEAR = "2017",
	DOI = {10.48550/arXiv.1706.03762}
}

@MISC{website:chatgpt,
	AUTHOR = "OpenAI",
	TITLE = "ChatGPT",
	URL = {https://chatgpt.com/}
}

@MISC{website:copilot,
	AUTHOR = "Microsoft",
	TITLE = "Copilot",
	URL = {https://copilot.microsoft.com/}
}

@MISC{website:gemini,
	AUTHOR = "Google",
	TITLE = "Gemini",
	URL = {https://gemini.google.com/}
}

@MISC{article:hallucinations,
	AUTHOR = "Rahul Awati",
	TITLE = "What are AI hallucinations and why are they a problem?",
	URL = {https://www.techtarget.com/whatis/definition/AI-hallucination}
}

@MISC{paper:rag-1,
	AUTHOR = "Patrick Lewis y col.",
	TITLE = "Retrieval-augmented generation for knowledge-intensive NLP tasks",
	MONTH = "12",
	YEAR = "2020",
	DOI = {10.48550/arXiv.2005.11401}
}

@MISC{paper:rag-2,
	AUTHOR = "Kurt Shuster y col.",
	TITLE = "Retrieval Augmentation Reduces Hallucination in Conversation",
	MONTH = "04",
	YEAR = "2021",
	DOI = {10.48550/arXiv.2104.07567}
}

@BOOK{book:nlp,
    AUTHOR="Nitin Indurkhya y Fred J. Damerau",
    TITLE="Handbook of Natural Language Processing",
    PUBLISHER="Chapman y Hall",
    YEAR="2010",
}

@MISC{website:lifearchitect,
	AUTHOR = "LifeArchitect.ai",
	TITLE = "Models Table",
	URL = {https://lifearchitect.ai/models-table/}
}

@MISC{website:langchain,
	AUTHOR = "LangChain",
	URL = {https://python.langchain.com/docs/introduction/}
}

@MISC{website:fastapi,
	AUTHOR = "FastAPI",
	URL = {https://fastapi.tiangolo.com/}
}

@MISC{website:nextui,
	AUTHOR = "NextUI",
	URL = {https://nextui.org/docs/guide/introduction/}
}

@MISC{website:azure,
	AUTHOR = "Microsoft",
	TITLE = "Microsoft Azure",
	URL = {https://azure.microsoft.com/}
}

@MISC{website:github-actions,
	AUTHOR = "GitHub",
	TITLE = "GitHub Actions",
	URL = {https://github.com/features/actions}
}

@MISC{website:azure-openai,
	AUTHOR = "Microsoft",
	TITLE = "Azure OpenAI Service",
	URL = {https://azure.microsoft.com/en-us/products/ai-services/openai-service}
}

@MISC{website:ai-search,
	AUTHOR = "Microsoft",
	TITLE = "Azure AI Search",
	URL = {https://azure.microsoft.com/en-us/products/ai-services/ai-search}
}

@MISC{website:app-service,
	AUTHOR = "Microsoft",
	TITLE = "Azure App Service",
	URL = {https://azure.microsoft.com/en-us/products/app-service}
}

@MISC{website:static-web-app,
	AUTHOR = "Microsoft",
	TITLE = "Azure Static Web Apps",
	URL = {https://azure.microsoft.com/en-us/products/app-service/static}
}

@MISC{article:vector-db,
	AUTHOR = "Roie Schwaber-Cohen",
	TITLE = "What is a Vector Database and How Does it Work?",
	URL = {https://www.pinecone.io/learn/vector-database/}
}